@online{CoIlChallenge,
	author = {Peter van der Putten, Michel de Ruiter, Maarten van Someren},
	title = {CoIL Challenge 2000 Tasks and Results:
		Predicting and Explaining
		Caravan Policy Ownership},
	date = {08/05/2018},
	howpublished = "\url{http://liacs.leidenuniv.nl/~puttenpwhvander/library/cc2000/PUTTEN~1.pdf}"
}


